<?xml version="1.0" encoding="UTF-8"?><collection xmlns="http://www.loc.gov/MARC21/slim"><record><leader>00567nam--2200193-i-4500</leader><controlfield tag="001">000041088</controlfield><controlfield tag="002">20161230</controlfield><controlfield tag="005">20161230201043</controlfield><controlfield tag="008">060222s1000------------r-----000-0-eng-d</controlfield><datafield ind1=" " ind2=" " tag="040"><subfield code="a">IFIN-HH</subfield></datafield><datafield ind1=" " ind2=" " tag="080"><subfield code="a">53</subfield></datafield><datafield ind1="1" ind2=" " tag="100"><subfield code="a">Sears, Francis Weston</subfield></datafield><datafield ind1="1" ind2="0" tag="245"><subfield code="a">University physics vol. i. mechanics, heat, and sound</subfield><subfield code="c">Francis weston sears, mark w. zemansky</subfield></datafield><datafield ind1=" " ind2=" " tag="250"><subfield code="a">Second Edition</subfield></datafield><datafield ind1=" " ind2=" " tag="260"><subfield code="a">Addison-wesley Publishing Company, Inc</subfield><subfield code="b">Cambridge, Mass</subfield><subfield code="c">1955</subfield></datafield><datafield ind1=" " ind2=" " tag="300"><subfield code="a">VI+475P</subfield></datafield><datafield ind1="1" ind2=" " tag="700"><subfield code="a">Zemansky, M.W</subfield></datafield><datafield ind1=" " ind2=" " tag="852"><subfield code="a">11086</subfield><subfield code="c">53</subfield></datafield><datafield ind1=" " ind2=" " tag="CAT"><subfield code="a">Sys</subfield><subfield code="c">20150203</subfield><subfield code="h">182052</subfield></datafield></record></collection>